<?xml version="1.0" encoding="UTF-8"?><collection xmlns="http://www.loc.gov/MARC21/slim"><record><leader>00502nam--2200145-i-4500</leader><controlfield tag="001">000010524</controlfield><controlfield tag="002">20161230</controlfield><controlfield tag="005">20170210211246</controlfield><controlfield tag="008">060222s1000------------r-----000-0-eng-d</controlfield><datafield ind1=" " ind2=" " tag="100"><subfield code="a">Denis, Jean-Pierre</subfield></datafield><datafield ind1=" " ind2=" " tag="245"><subfield code="a">Etude spectroscopique des ions tb3+ et ce3+ et du coupe tb3+ -ce3+ dans les orthophosphates de structure monazite</subfield><subfield code="b">these</subfield></datafield><datafield ind1=" " ind2=" " tag="260"><subfield code="a">Paris</subfield><subfield code="b">Faculte Des Sciences De L Universite De Paris, Vi</subfield><subfield code="c">1972</subfield></datafield><datafield ind1=" " ind2=" " tag="300"><subfield code="a">53 p</subfield></datafield><datafield ind1=" " ind2=" " tag="852"><subfield code="a">546.663:015:543.42:546.655</subfield></datafield><datafield ind1=" " ind2=" " tag="CAT"><subfield code="a">SYS</subfield><subfield code="c">20170210</subfield><subfield code="h">211246</subfield></datafield></record></collection>